<?xml version="1.0" encoding="UTF-8"?><collection xmlns="http://www.loc.gov/MARC21/slim"><record><leader>00396nam--2200133-i-4500</leader><controlfield tag="001">000021726</controlfield><controlfield tag="002">20161230</controlfield><controlfield tag="005">20161230201034</controlfield><controlfield tag="008">060222s1000------------r-----000-0-eng-d</controlfield><datafield ind1=" " ind2=" " tag="080"><subfield code="a">53:62</subfield></datafield><datafield ind1=" " ind2=" " tag="100"><subfield code="a">Holzmuller, Werner</subfield></datafield><datafield ind1=" " ind2=" " tag="245"><subfield code="a">Technische physik. bd.1: mathematische erganzungen, technische mechanik regelungstechnik</subfield></datafield><datafield ind1=" " ind2=" " tag="260"><subfield code="a">Berlin, Veb Verlag Technik, 1959, 536p + 222fig</subfield></datafield><datafield ind1=" " ind2=" " tag="852"><subfield code="a">6670</subfield></datafield></record></collection>